@online{quelle,
author = {P., Tim},
title = {Test},
year = {2022}
}
