% This file was created with Citavi 6.7.0.0

@misc{rateike-2017,
	author = {Rateike, R.},
	title = {{Vorlesungsunterlagen zur Planung von Audio-, Brandmeldesystemen und Beschallungsanlagen}},
	year = {2017},
}

@misc{schnabel-no-date,
	author = {Schnabel, P.},
	title = {{Dezibel (dB) / Bel}},
	url = {https://www.elektronik-kompendium.de/sites/grd/0304011.htm},
}

@misc{spektrum-akademischer-verlag-no-date,
	author = {{Spektrum Akademischer Verlag}},
	title = {{Weber-Fechnersches Gesetz}},
	url = {https://www.spektrum.de/lexikon/biologie/weber-fechnersches-gesetz/70397},
}

@misc{joachim-herz-stiftung-no-date,
	author = {{Joachim Herz Stiftung}},
	title = {{Lärmquellen}},
	url = {https://www.leifiphysik.de/akustik/akustische-phaenomene/ausblick/schallfeldgroessen},
}

@misc{kafurke-2020,
	author = {Kafurke, Markus},
	month = {05},
	title = {{Technische Grundlagen und Vorteile der 100 Volt Technik}},
	url = {https://www.stage223.com/wissen/technische-grundlagen-und-vorteile-der-100-volt-technik/},
	year = {2020},
}

@misc{academic-no-date,
	author = {{Academic}},
	title = {Kurven gleicher Lautstärkepegel},
	url = {https://de-academic.com/dic.nsf/dewiki/808446},
}

@misc{esb-solutions-gmbh-no-date,
	author = {{ESB Solutions GmbH}},
	title = {{Richtdiagramm Lautsprecher}},
	url = {https://esbsolutions.de/sprachalarmierung/handbuch-grundbegriffe-einheiten/lautsprecher/},
}

@misc{kerner-2016,
	author = {Kerner, P.},
	title = {{Geschichte der Beschallungstechnik}},
	url = {https://docplayer.org/17040422-1-einfuehrung-2-2-geschichte-der-beschallungstechnik-2-3-klein-pa-und-ihre-erweiterungen-3-4-grossbeschallung-4-4-1-stacks.html},
	year = {2016},
}

@misc{bittner-audio-int-gmbh-2011,
	author = {{Bittner Audio Int. GmbH}},
	month = {09},
	title = {{100V Technik}},
	url = {https://www.bittner-audio.com/de/information/100v-technik/},
	year = {2011},
}